<?xml version="1.0" encoding="UTF-8"?><record xmlns="http://www.loc.gov/MARC21/slim" xmlns:cinclude="http://apache.org/cocoon/include/1.0" xmlns:zs="http://www.loc.gov/zing/srw/">
  <leader>00816cz  a2200229n  4500</leader>
  <controlfield tag="001">no2011013939</controlfield>
  <controlfield tag="003">DLC</controlfield>
  <controlfield tag="005">20110214101757.0</controlfield>
  <controlfield tag="008">110127n| azabaaaan          |a aaa     c</controlfield>
  <datafield tag="010" ind1=" " ind2=" ">
    <subfield code="a">no2011013939</subfield>
  </datafield>
  <datafield tag="035" ind1=" " ind2=" ">
    <subfield code="a">(OCoLC)oca08751104</subfield>
  </datafield>
  <datafield tag="040" ind1=" " ind2=" ">
    <subfield code="a">ICU</subfield>
    <subfield code="b">eng</subfield>
    <subfield code="c">ICU</subfield>
    <subfield code="e">rda</subfield>
    <subfield code="d">IEN</subfield>
  </datafield>
  <datafield tag="100" ind1="1" ind2=" ">
    <subfield code="a">Oktay, Ahmet,</subfield>
    <subfield code="d">1933-</subfield>
    <subfield code="t">Works.</subfield>
    <subfield code="k">Selections.</subfield>
    <subfield code="f">2008</subfield>
  </datafield>
  <datafield tag="400" ind1="1" ind2=" ">
    <subfield code="a">Oktay, Ahmet,</subfield>
    <subfield code="d">1933-</subfield>
    <subfield code="t">Bütün yapıtlarına doğru.</subfield>
    <subfield code="f">2008</subfield>
  </datafield>
  <datafield tag="400" ind1="1" ind2=" ">
    <subfield code="a">Oktay, Ahmet,</subfield>
    <subfield code="d">1933-</subfield>
    <subfield code="t">Bütün yapıtlar.</subfield>
    <subfield code="f">2008</subfield>
  </datafield>
  <datafield tag="430" ind1=" " ind2="0">
    <subfield code="a">Bütün yapıtlarına doğru.</subfield>
    <subfield code="f">2008</subfield>
  </datafield>
  <datafield tag="642" ind1=" " ind2=" ">
    <subfield code="a">5. cilt</subfield>
    <subfield code="5">DPCC</subfield>
    <subfield code="5">ICU</subfield>
  </datafield>
  <datafield tag="643" ind1=" " ind2=" ">
    <subfield code="a">Kadıköy, İstanbul</subfield>
    <subfield code="b">İthaki</subfield>
  </datafield>
  <datafield tag="644" ind1=" " ind2=" ">
    <subfield code="a">f</subfield>
    <subfield code="5">ICU</subfield>
  </datafield>
  <datafield tag="645" ind1=" " ind2=" ">
    <subfield code="a">t</subfield>
    <subfield code="5">DPCC</subfield>
    <subfield code="5">ICU</subfield>
  </datafield>
  <datafield tag="646" ind1=" " ind2=" ">
    <subfield code="a">s</subfield>
    <subfield code="5">ICU</subfield>
  </datafield>
  <datafield tag="670" ind1=" " ind2=" ">
    <subfield code="a">Emperyalizm, roman ve eleştiri, 2010:</subfield>
    <subfield code="b">cover (Bütün yapıtlarına doğru) p. 9 ("Bütün Yapıtları" için sunuş)</subfield>
  </datafield>
</record>